@article{yang2015randomized,
  title={Randomized sketches for kernels: Fast and optimal non-parametric regression},
  author={Yang, Yun and Pilanci, Mert and Wainwright, Martin J},
  journal={arXiv preprint arXiv:1501.06195},
  year={2015}
}
@article{pilanci2015newton,
  title={Newton sketch: A linear-time optimization algorithm with linear-quadratic convergence},
  author={Pilanci, Mert and Wainwright, Martin J},
  journal={arXiv preprint arXiv:1505.02250},
  year={2015}
}
@article{pilanci2016iterative,
  title={Iterative Hessian sketch: Fast and accurate solution approximation for constrained least-squares},
  author={Pilanci, Mert and Wainwright, Martin J},
  journal={The Journal of Machine Learning Research},
  volume={17},
  number={1},
  pages={1842--1879},
  year={2016},
  publisher={JMLR. org}
}
@article{ailon2009fast,
  title={Fast dimension reduction using Rademacher series on dual BCH codes},
  author={Ailon, Nir and Liberty, Edo},
  journal={Discrete \& Computational Geometry},
  volume={42},
  number={4},
  pages={615},
  year={2009},
  publisher={Springer}
}
